<?xml version="1.0" encoding="UTF-8"?><collection xmlns="http://www.loc.gov/MARC21/slim"><record><leader>00477nam--2200145-i-4500</leader><controlfield tag="001">000008790</controlfield><controlfield tag="002">20161230</controlfield><controlfield tag="005">20161230201027</controlfield><controlfield tag="008">060222s1000------------r-----000-0-eng-d</controlfield><datafield ind1=" " ind2=" " tag="080"><subfield code="a">621.039.58</subfield></datafield><datafield ind1=" " ind2=" " tag="100"><subfield code="a">Adams, N.And Dennis, J.A</subfield></datafield><datafield ind1=" " ind2=" " tag="245"><subfield code="a">U.k.measurements at the fifth international intercomparison of nuclear accident dosimetry sistems o.r.n.l. july 1968</subfield></datafield><datafield ind1=" " ind2=" " tag="260"><subfield code="a">Harwell, Atomic Energy Research Establishment 1969 29 P. + 3 Figuri</subfield></datafield><datafield ind1=" " ind2=" " tag="490"><subfield code="a">6008</subfield></datafield><datafield ind1=" " ind2=" " tag="852"><subfield code="a">30197</subfield></datafield></record></collection>